<?xml version="1.0" encoding="UTF-8"?><collection><record><leader>08251ntm a2200577 a 4500</leader><controlfield tag="001">006806845</controlfield><controlfield tag="003">MiAaHDL</controlfield><controlfield tag="005">20190719000000.0</controlfield><controlfield tag="006">m        d        </controlfield><controlfield tag="007">cr bn ---auaua</controlfield><controlfield tag="008">090603q18001830xx            00| ||ara d</controlfield><datafield tag="035" ind1=" " ind2=" "><subfield code="a">(MiU)006806845</subfield></datafield><datafield tag="035" ind1=" " ind2=" "><subfield code="a">sdr-miu006806845</subfield></datafield><datafield tag="040" ind1=" " ind2=" "><subfield code="a">MiU</subfield><subfield code="c">MiU</subfield><subfield code="e">amremm</subfield></datafield><datafield tag="043" ind1=" " ind2=" "><subfield code="a">n-us-mi</subfield></datafield><datafield tag="100" ind1="1" ind2=" "><subfield code="6">880-01</subfield><subfield code="a">Jassūs, Muḥammad ibn Qāsim,</subfield><subfield code="d">1678-1768.</subfield></datafield><datafield tag="245" ind1="1" ind2="3"><subfield code="6">880-03</subfield><subfield code="a">al-Fawā’id al-jalīlah al-bahīyah ʻalá al-Shamāʼil al-Muḥammadīyah,</subfield><subfield code="f">[early 19th century?].</subfield></datafield><datafield tag="260" ind1=" " ind2=" "><subfield code="c">[1800-1840?].</subfield></datafield><datafield tag="300" ind1=" " ind2=" "><subfield code="a">190 leaves :</subfield><subfield code="b">paper ;</subfield><subfield code="c">198 x 148 (146 x 94) mm. bound to 207 x 155 mm.</subfield></datafield><datafield tag="500" ind1=" " ind2=" "><subfield code="a">Shelfmark: Ann Arbor, University of Michigan, Special Collections Library, Isl. Ms. 490</subfield></datafield><datafield tag="500" ind1=" " ind2=" "><subfield code="a">Origin: As appears in authorial colophon on p.377, transcription of the fair copy (tabyīḍ) completed 5 Dhū al-Ḥijjah 1139 [ca. 24 July 1727]. Collation (muqābalah) was first completed 1 Rajab 1141 [ca. 31 January 1729], followed by a second examination/correction (murājaʻah) completed at the beginning of Jumādá II [?] 1142 [December 1729] and finally a third 3 Rabīʻ II 1162 [ca. 23 March 1749]. Date of transcription for this copy not specified, though paper, etc. suggest early 19th century.</subfield></datafield><datafield tag="500" ind1=" " ind2=" "><subfield code="a">Accompanying materials: Inventory cataloguing slip in hand of Winifred Smeaton Thomas (pp.1-2).</subfield></datafield><datafield tag="500" ind1=" " ind2=" "><subfield code="a">Former shelfmark: From inner front cover, "IL 20" [?] (likely supplied by Yahuda).</subfield></datafield><datafield tag="500" ind1=" " ind2=" "><subfield code="a">Binding: Pasteboards covered in marbled paper (mainly in red and yellow) with dark red-brown leather over spine, fore edge flap, and edges/turn-ins (framed binding) ; Type II binding (with flap) ; board linings (doublures) in marbled paper (mainly in teal and red) ; sewn in cream thread, two stations, also stab sewn in heavy cream thread ; worked chevron endbands in cream and lime-green over red primaries with red leather core, damaged ; overall in somewhat poor condition with cover serving as a wrapper for textblock (too large, not original, likely here reused), much abrasion and staining, lifting and losses of leather, etc. ; housed in box for protection.</subfield></datafield><datafield tag="500" ind1=" " ind2=" "><subfield code="a">Support: European laid paper with 10 laid lines per cm. (vertical), chain lines spaced 23 and 24 mm. apart (horizontal), and watermarks including lion rampant in coat of arms / scrollwork flanked by beasts with "F P below" (see p.368, 374, etc.) and name "PICARDO" (see p.391 and compare paper of C46a. MS. Shelley adds. c.5, fols. 113, 116-118 dated 1823 in Barker-Benfield, Shelleyan writing materials in the Bodleian Library, pp.86-87) ; transluscent, sturdy and quite well burnished to glossy.</subfield></datafield><datafield tag="500" ind1=" " ind2=" "><subfield code="a">Decoration: Some section headings, keywords and passages of text being commented upon rubricated ; others in yellow-orange ; textual dividers in the form red discs and inverted commas ; overlining in red.</subfield></datafield><datafield tag="500" ind1=" " ind2=" "><subfield code="a">Script: Maghribī script ; elegant hand with slight effect of tilt to the right, sweeping descenders, etc.</subfield></datafield><datafield tag="500" ind1=" " ind2=" "><subfield code="a">Layout: Written in 27 lines per page ; frame ruled (impression of ruling board visible).</subfield></datafield><datafield tag="500" ind1=" " ind2=" "><subfield code="a">Collation: i, 19 V (190), i ; exclusively quinions ; middle of the quire marks in the form of mark looking like numeral sittah ۶ in upper outer margin of right-hand leaf ; catchwords present ; pagination in pencil, Western numerals, supplied during digitization (includes insert and front flyleaf, skips two pages each between pp.223-224 and pp.233-234).</subfield></datafield><datafield tag="500" ind1=" " ind2=" "><subfield code="a">Colophon: "Authorial," reads: "قال مقيده عبد الله تعالى وافقر عبيده الى رحمته محمد بن قاسم بن بمحمد بن قاسم بن احمد جسوس كان الله تعالى له ولوالديه ولجميع المسلمين دنيا واخرى هذا اخر ما تيسر جمعه من الفوائد الجليلة البهية على الشمائل المحمدية وافق الفراغ من تبييض ذلك خامس الحجة الحرام ... عام تسعة وثلاثين ومائة والف ونسأل الله تعالى ان ينفعنا وسائر المسلمين به وان يجعله خالصا لوجه الكريم والحمد لله وكفى وسلام على عباده الذين اصفطى كتب المؤلف الحمد لله بلغنا مقابلته اول رجب الفرد الحرام من سنة احدى واربعين ومائة والف تقبل الله ذلك بمنه ثم بلغنا مراجعته مرة ثانية اوائل الشهر قبله من سنة اثنين واربعين ومائة جعل الله ذلك من اعمال المتقبلة بمنه وامين ثم مرة ثالثة ثالث ربيع الثاني من عام اثنين وستين ومائة والف تقبل الله سبحانه ذلك بجاه هذا النبي الكريم عليه افضل الصلوات وازكى التسليم والحمد لله رب العالمين اللهم اغفر لنا ولوالدينا ولجميع المسلمين امين ولا حول ولا قوة الا بالله العلي العظيم ... والحمد لله رب العالمين"</subfield></datafield><datafield tag="500" ind1=" " ind2=" "><subfield code="a">Explicit: "قوله صلى الله عليه وسلم من صافح عالما صادقا فكانما صافح نبينا مرسلا اماتنا الله تعالى على محبتهم وحشرنا في زمرتهم وجعلنا والمتمسكين بعزيمهم وسنتهم امين يا رب العالمين"</subfield></datafield><datafield tag="500" ind1=" " ind2=" "><subfield code="a">Incipit: "قال الشيخ الامام العلامة الهمام سيد محمد بن قاسم جسوس رحمه الله تعالى ورضي عنه واكرمه بمنه الحمد لله الذي اودع ابرع شمائل زين الخلائق ... فلما كان كتاب الشمائل من اجل ما الف في محاسن قطب الوسائل ومنبع الفضائل وكان الانشغال به خدمة لشفيع الخلائق ... وقد اعتمرنا في مواضع كثيرة وهذا الشرح المبارك على شرح الشيخ الامام البحر الهمام سيد علي بن سلطان الحنفي رحمه الله تعالى المسمى بجمع الوسائل في شرح الشمائل ..."</subfield></datafield><datafield tag="500" ind1=" " ind2=" "><subfield code="a">Title from authorial colophon on p.377.</subfield></datafield><datafield tag="500" ind1=" " ind2=" "><subfield code="a">Ms. codex.</subfield></datafield><datafield tag="510" ind1="4" ind2=" "><subfield code="a">Barker-Benfield, B.C. Shelleyan writing materials in the Bodleian Library : a catalogue of formats, papers, and watermarks. In The Bodleian Shelley manuscripts, v.23. London: Routledge, 2002.</subfield></datafield><datafield tag="510" ind1="4" ind2=" "><subfield code="a">Brockelmann, C. GAL,</subfield><subfield code="c">I 161-2 (II./cmt. 6)</subfield></datafield><datafield tag="520" ind1="8" ind2=" "><subfield code="a">Fine Maghribī of the commentary by Muḥammad ibn Qāsim Jassūs (d.1768), modeled on the basis of the commentary by ʻAlī ibn Sulṭān al-Qārī al-Harawī (d.1605 or 6), upon al-Tirmidhī’s (d.892) Shamā’il, a collection of traditions comprising the Prophet’s characteristics.</subfield></datafield><datafield tag="538" ind1=" " ind2=" "><subfield code="a">Mode of access: Internet.</subfield></datafield><datafield tag="541" ind1=" " ind2=" "><subfield code="a">Acquired in 1926 from the bookseller Isaac Benjamin S.E. Yahuda via purchase transacted on his behalf by Abraham Shalom Yahuda (1877-1951), his younger brother.</subfield></datafield><datafield tag="546" ind1=" " ind2=" "><subfield code="a">Arabic.</subfield></datafield><datafield tag="561" ind1=" " ind2=" "><subfield code="a">Marginal glosses (often marked by ط) and occasional marginal corrections ; prayers and excerpts on front flyleaf and 'title page' (p.3).</subfield></datafield><datafield tag="600" ind1="0" ind2="0"><subfield code="a">Muḥammad,</subfield><subfield code="c">Prophet,</subfield><subfield code="d">-632</subfield><subfield code="v">Biography</subfield><subfield code="v">Early works to 1800.</subfield></datafield><datafield tag="600" ind1="1" ind2="0"><subfield code="a">Tirmidhī, Muḥammad ibn ʻĪsá,</subfield><subfield code="d">-892.</subfield><subfield code="t">Shamāʼil.</subfield></datafield><datafield tag="650" ind1=" " ind2="0"><subfield code="a">Manuscripts, Arabic</subfield><subfield code="z">Michigan</subfield><subfield code="z">Ann Arbor.</subfield></datafield><datafield tag="650" ind1=" " ind2="0"><subfield code="a">Hadith</subfield><subfield code="x">Criticism, interpretation, etc.</subfield><subfield code="v">Early works to 1800.</subfield></datafield><datafield tag="650" ind1=" " ind2="0"><subfield code="a">Hadith</subfield><subfield code="v">Commentaries</subfield><subfield code="v">Early works to 1800</subfield><subfield code="x">Commentaries.</subfield></datafield><datafield tag="700" ind1="1" ind2=" "><subfield code="6">880-05</subfield><subfield code="a">Qārī al-Harawī, ʻAlī ibn Sulṭān Muḥammad,</subfield><subfield code="d">-1605 or 1606.</subfield><subfield code="t">Jamʻ al-wasāʼil fī sharḥ al-Shamāʼil.</subfield></datafield><datafield tag="773" ind1="0" ind2=" "><subfield code="a">Yahuda Collection.</subfield></datafield><datafield tag="880" ind1="1" ind2=" "><subfield code="6">700-05/</subfield><subfield code="a">قاري الهروي، علي بن سلطان محمد.</subfield><subfield code="t">جمع الوسائل في شرح الشمائل.</subfield></datafield><datafield tag="880" ind1="1" ind2="2"><subfield code="6">245-03/</subfield><subfield code="a">الفوائد الجليلة البهية على الشمائل المحمدية,</subfield><subfield code="f">[اوائل القرن 19م؟].</subfield></datafield><datafield tag="880" ind1="1" ind2=" "><subfield code="6">100-01/</subfield><subfield code="a">جسوس، محمد بن قاسم.</subfield></datafield><datafield tag="CID" ind1=" " ind2=" "><subfield code="a">006806845</subfield></datafield><datafield tag="DAT" ind1="0" ind2=" "><subfield code="a">20190719102637.0</subfield><subfield code="b">20190719000000.0</subfield></datafield><datafield tag="DAT" ind1="1" ind2=" "><subfield code="a">20190719090653.0</subfield><subfield code="b">2019-07-19T16:10:26Z</subfield></datafield><datafield tag="DAT" ind1="2" ind2=" "><subfield code="a">2015-10-10T18:00:06Z</subfield></datafield><datafield tag="CAT" ind1=" " ind2=" "><subfield code="a">SDR-MIU</subfield><subfield code="d">EX LIBRIS - ALEPH</subfield><subfield code="l">prepare.pl-004-008</subfield></datafield><datafield tag="FMT" ind1=" " ind2=" "><subfield code="a">BK</subfield></datafield><datafield tag="HOL" ind1=" " ind2=" "><subfield code="0">sdr-miu006806845</subfield><subfield code="a">MiU</subfield><subfield code="b">SDR</subfield><subfield code="c">MIU</subfield><subfield code="p">mdp.39015079128024</subfield><subfield code="s">MIU</subfield><subfield code="1">006806845</subfield></datafield><datafield tag="974" ind1=" " ind2=" "><subfield code="b">MIU</subfield><subfield code="c">MIU</subfield><subfield code="d">20190719</subfield><subfield code="s">lit-dlps-dc</subfield><subfield code="u">mdp.39015079128024</subfield><subfield code="y">1830</subfield><subfield code="r">pd</subfield><subfield code="q">bib</subfield><subfield code="t">non-US bib date2 &lt; 1879</subfield></datafield></record></collection>